<?xml version="1.0" encoding="UTF-8"?><collection xmlns="http://www.loc.gov/MARC21/slim"><record><leader>00409nam--2200157-i-4500</leader><controlfield tag="001">000024901</controlfield><controlfield tag="002">20161230</controlfield><controlfield tag="005">20170115155017</controlfield><controlfield tag="008">060222s1000------------r-----000-0-eng-d</controlfield><datafield ind1=" " ind2=" " tag="100"><subfield code="a">Chabanas, Jean-Marc</subfield></datafield><datafield ind1=" " ind2=" " tag="245"><subfield code="a">Initiation pratique a l informatique parlez- vous binaire?</subfield></datafield><datafield ind1=" " ind2=" " tag="260"><subfield code="a">Paris</subfield><subfield code="b">Dunod</subfield><subfield code="c">1971</subfield></datafield><datafield ind1=" " ind2=" " tag="300"><subfield code="a">XII +226 p</subfield></datafield><datafield ind1=" " ind2=" " tag="700"><subfield code="a">Lepetit, P</subfield></datafield><datafield ind1=" " ind2=" " tag="852"><subfield code="a">34800</subfield></datafield><datafield ind1=" " ind2=" " tag="CAT"><subfield code="a">SYS</subfield><subfield code="c">20170115</subfield><subfield code="h">155017</subfield></datafield></record></collection>